<record><leader>00000cas a22000007a 4500</leader><controlfield tag="001">22789255</controlfield><controlfield tag="008">901207c18949999maudn ne      0    0eng d</controlfield><datafield ind1=" " ind2=" " tag="010"><subfield code="a">sn 89063386 </subfield></datafield><datafield ind1=" " ind2=" " tag="040"><subfield code="a">MGN</subfield><subfield code="b">eng</subfield><subfield code="c">MGN</subfield><subfield code="d">OCLCQ</subfield></datafield><datafield ind1=" " ind2=" " tag="042"><subfield code="a">msc</subfield></datafield><datafield ind1="0" ind2="0" tag="245"><subfield code="a">Wakefield daily item.</subfield></datafield><datafield ind1=" " ind2=" " tag="260"><subfield code="a">Wakefield, Mass. :</subfield><subfield code="b">[Fred W. Young]</subfield></datafield><datafield ind1=" " ind2=" " tag="300"><subfield code="a">v.</subfield></datafield><datafield ind1=" " ind2=" " tag="310"><subfield code="a">Daily (except Sat., Sun., and legal holidays),</subfield><subfield code="b">Oct. 10, 1940-</subfield></datafield><datafield ind1=" " ind2=" " tag="321"><subfield code="a">Daily (except Sun. and holidays),</subfield><subfield code="b">1894-Oct. 9, 1940</subfield></datafield><datafield ind1="0" ind2=" " tag="362"><subfield code="a">Vol. 1, no. 1 (May 7, 1894)-</subfield></datafield><datafield ind1=" " ind2=" " tag="752"><subfield code="a">United States</subfield><subfield code="b">Massachusetts</subfield><subfield code="c">Middlesex</subfield><subfield code="d">Wakefield.</subfield></datafield><datafield ind1="0" ind2="5" tag="780"><subfield code="t">Wakefield citizen and banner</subfield><subfield code="w">(DLC)sn 83020817</subfield></datafield></record>